@article{galvao2005ha,
  title={H{\'a} lugar ainda para m{\'e}todos de alfabetiza{\c{c}}{\~a}o? Conversa com professores (as)},
  author={GALV{\~A}O, A. and LEAL, T. F.},
  journal={Alfabetiza{\c{c}}{\~a}o: apropria{\c{c}}{\~a}o do sistema de escrita alfab{\'e}tica. Belo Horizonte: Aut{\^e}ntica},
  pages={11--28},
  year={2005}
}

@article{soares2002letramento,
  title={Letramento: um tema em tr{\^e}s g{\^e}neros. Belo Horizonte: Aut{\^e}ntica, 2003b. \_},
  author={SOARES, M.},
  journal={Linguagem e escola: uma perspectiva social},
  volume={2},
  year={2002}
}
